\begin{document}
@book {DavisFuchs:GarfGarfGewizahl,
   title = {Garfield SC: Garfield 04: Gewicht z{\"a}hlt nicht},
   author = {Jim Davis and Wolfgang J. Fuchs},
   publisher = {Ehapa Comic Collection - Egmont Manga},
   isbn = {377043093X},
   pages = {108}}
@book {DavisFuchs:GarfGarfHerzEsse,
   title = {Garfield SC: Garfield 06: Ein Herz f{\"u}r Essen},
   author = {Jim Davis and Wolfgang J. Fuchs},
   publisher = {Ehapa Comic Collection - Egmont Manga},
   isbn = {3770430956},
   pages = {108}}
@book {Davis:Garf3Pa2012,
   title = {Garfield Fat Cat 3-Pack \#7},
   author = {Jim Davis},
   publisher = {Ballantine Books},
   year = {2012},
   edition = {Reprint},
   isbn = {0345525884},
   pages = {288}}
@book {DavisFuchs:GarfGarfKateForm,
   title = {Garfield SC: Garfield 03: Ein Kater von Format},
   author = {Jim Davis and Wolfgang J. Fuchs},
   publisher = {Ehapa Comic Collection - Egmont Manga},
   isbn = {3770430921},
   pages = {108}}
@book {DavisFuchs:GarfGarfGarfblic,
   title = {Garfield SC: Garfield 02: Garfield blickt durch},
   author = {Jim Davis and Wolfgang J. Fuchs},
   publisher = {Ehapa Comic Collection - Egmont Manga},
   isbn = {3770430913},
   pages = {108}}
@book {DavisFuchs:GarfGarfGarflegt,
   title = {Garfield SC: Garfield 01: Garfield legt los},
   author = {Jim Davis and Wolfgang J. Fuchs},
   publisher = {Ehapa Comic Collection - Egmont Manga},
   isbn = {3770430905},
   pages = {108}}
@book {GoscinnyMorris:LuckLukeBd3Dalt1986,
   title = {Lucky Luke, Bd.36, Dalton City},
   author = {Ren{\'e} Goscinny and Morris},
   publisher = {Ehapa Comic Collection},
   year = {1986},
   edition = {2},
   isbn = {3770401476},
   pages = {48}}
@book {GoscinnyMorris:LuckLukeBd3Stac1986,
   title = {Lucky Luke, Bd.34, Stacheldraht auf der Pr{\"a}rie},
   author = {Ren{\'e} Goscinny and Morris},
   publisher = {Ehapa Comic Collection},
   year = {1986},
   edition = {2., Aufl.},
   isbn = {377040145X},
   pages = {48}}
@book {MorrisVicqGoscinny:LuckLukeBd4Galg1987,
   title = {Lucky Luke, Bd.42, Der Galgenstrick u. and. Geschichten},
   author = {Morris and Vicq and Rene Goscinny},
   publisher = {Ehapa Comic Collection},
   year = {1987},
   edition = {3., Aufl.},
   isbn = {3770401530},
   pages = {48}}
@book {GoscinnyGermannMorrisPenndorf:LuckLukeDaltKrie,
   title = {Lucky Luke (Bd. 60). Die Daltons auf dem Kriegspfad},
   author = {Ren{\'e} Goscinny and Alexandra Germann and Morris and Gudrun Penndorf},
   publisher = {Ehapa Comic Collection - Egmont Manga},
   isbn = {3770430697},
   pages = {46}}
@book {AchdeJoken:LuckLukeBD8Luck,
   title = {Lucky Luke (BD.89). Lucky Kid},
   author = {Achd{\'e} and Klaus J{\"o}ken},
   publisher = {Ehapa Comic Collection - Egmont Manga},
   isbn = {3770435672},
   pages = {47}}
@book {L`eturgieLeturgieMorrisJoken:LuckLukeKlon,
   title = {Lucky Luke (Bd. 70). Am Klondike},
   author = {Yann L{\`e}turgie and Jean L{\'e}turgie and Morris and Klaus J{\"o}ken},
   publisher = {Ehapa Comic Collection - Egmont Manga},
   isbn = {3770433009},
   pages = {46}}
@book {GoscinnyMorris:LuckLukeBd1sing1986,
   title = {Lucky Luke, Bd.18, Der singende Draht},
   author = {Ren{\'e} Goscinny and Morris},
   publisher = {Ehapa Comic Collection},
   year = {1986},
   edition = {2., Aufl.},
   isbn = {3770401298},
   pages = {48}}
@book {GoscinnyMorris:LuckLukeJessJame1986,
   title = {Lucky Luke, Bd. 38, Jesse James},
   author = {Ren{\'e} Goscinny and Morris},
   publisher = {Ehapa Comic Collection},
   year = {1986},
   edition = {2., Aufl.},
   isbn = {3770401492},
   pages = {46}}
@book {GuylouisMorrisPenndorf:LuckLukeAlibande,
   title = {Lucky Luke (Bd. 55). Das Alibi: und andere Geschichten},
   author = {Claude Guylouis and Morris and Gudrun Penndorf},
   publisher = {Ehapa Comic Collection - Egmont Manga},
   isbn = {3770432991},
   pages = {46}}
@book {GoscinnyMorris:LuckLukeBd2Cala1986,
   title = {Lucky Luke, Bd.22, Calamity Jane},
   author = {Ren{\'e} Goscinny and Morris},
   publisher = {Ehapa Comic Collection},
   year = {1986},
   edition = {Nachdr.},
   isbn = {3770401336},
   pages = {46}}
@book {GrootMorris:LuckLukeBd3eina1986,
   title = {Lucky Luke, Bd.33, Der einarmige Bandit},
   author = {Bob de Groot and Morris},
   publisher = {Ehapa Comic Collection},
   year = {1986},
   edition = {2., Aufl.},
   isbn = {3770401441},
   pages = {48}}
@book {LuckLukeBd6Dalt,
   title = {Lucky Luke, Bd.60, Die Daltons auf dem Kriegpfad},
   isbn = {3770402715}}
@book {GoscinnyMorrisJoken:LuckLukeReis,
   title = {Lucky Luke - Die Reisschlacht / Bd. 78},
   author = {Rene Goscinny and Morris and Klaus J{\"o}ken},
   publisher = {Ehapa Comic Collection - Egmont Manga},
   isbn = {3770402898},
   pages = {51}}
@book {MorrisVidal:LuckLukeVerlLuck,
   title = {Lucky Luke 48 Die Verlobte von Lucky Luke: BD 48},
   author = {Morris and Guy Vidal},
   publisher = {Ehapa Comic Collection - Egmont Manga},
   isbn = {3770434544},
   pages = {46}}
@book {PearceLeturgieMorrisJoken:LuckLukeOkla,
   title = {Lucky Luke (Bd. 73). Oklahoma Jim},
   author = {Pearce and L{\'e}turgie and Morris and Klaus J{\"o}ken},
   publisher = {Ehapa Comic Collection - Egmont Manga},
   isbn = {3770433033},
   pages = {48}}
@book {MorrisPearceLeturgieJoken:LuckLukeFlusrosa,
   title = {Lucky Luke 82: Am Fluss der rosa Biber},
   author = {Morris and Pearce and Jean Leturgie and Klaus J{\"o}ken},
   publisher = {Ehapa Comic Collection - Egmont Manga},
   isbn = {3770432150},
   pages = {46}}
@book {GerraAchdeJoken:LuckLukeDaltSchl,
   title = {Lucky Luke (Bd. 80). Die Daltons in der Schlinge},
   author = {Laurent Gerra and Achd{\'e} and Klaus J{\"o}ken},
   publisher = {Ehapa Comic Collection - Egmont Manga},
   isbn = {3770431189},
   pages = {46}}
@book {MorrisBanda:LuckLukeNitr,
   title = {Lucky Luke 52 Nitroglyzerin: BD 52},
   author = {Morris and Lo Hartog van Banda},
   publisher = {Ehapa Comic Collection - Egmont Manga},
   isbn = {3770434560},
   pages = {46}}
@book {Achde:LuckLukeLuckLuke,
   title = {Lucky Luke, Bd. 88: Lucky Luke gegen Pinkerton},
   author = {Achd{\'e}},
   publisher = {Ehapa Comic Collection - Egmont Manga},
   isbn = {3770434072},
   pages = {46}}
@book {MorrisGoscinny:LuckLukeMiss,
   title = {Lucky Luke 20 Am Mississippi},
   author = {Morris and Ren{\'e} Goscinny},
   publisher = {Ehapa Comic Collection - Egmont Manga},
   isbn = {3770435796},
   pages = {46}}
@book {GrootMorrisJoken:LuckLukeMarcDalt,
   title = {Lucky Luke (Bd. 72). Marcel Dalton},
   author = {Bob de Groot and Morris and Klaus J{\"o}ken},
   publisher = {Ehapa Comic Collection - Egmont Manga},
   isbn = {3770433025},
   pages = {46}}
@book {MorrisGoscinny:LuckLukeBd5fals1987,
   title = {Lucky Luke, Bd.51, Der falsche Mexikaner},
   author = {Morris and Rene. Goscinny},
   publisher = {Ehapa Comic Collection},
   year = {1987},
   isbn = {377040162X},
   pages = {48}}
@book {DavisFuchs:GarfSchlschlOdie,
   title = {Garfield SC 13. Schleck ihn schlank, Odie!},
   author = {Jim Davis and Wolfgang J. Fuchs},
   publisher = {Ehapa Comic Collection - Egmont Manga},
   isbn = {3770433130},
   pages = {108}}
@book {JahnSauner:DudeEinfklasFran2011,
   title = {Duden Einfach klasse in Franz{\"o}sisch 3./4. Lernjahr: Wissen - {\"U}ben - Testen},
   author = {Ulrike Jahn-Sauner},
   publisher = {Bibliographisches Institut, Mannheim},
   year = {2011},
   edition = {2, neu bearbeitete und erweiterte Auflage.},
   isbn = {3411728221},
   pages = {128}}
@book {JahnSauner:DudeEinfklasFran2007,
   title = {Duden Einfach klasse in Franz{\"o}sisch 1. Lernjahr: Wissen - {\"U}ben - Testen},
   author = {Ulrike Jahn-Sauner},
   publisher = {Bibliograph. Instit. Gmbh},
   year = {2007},
   edition = {1., Auflage},
   isbn = {3411727411},
   pages = {128}}
@book {FormElekGlobzuge,
   title = {Formeln f{\"u}r Elektrotechniker. Global zugelassen f{\"u}r die Pr{\"u}fungen der IHKs in NRW},
   isbn = {3808532882}}
@book {9783540243090:ElekIngeNatuSpri2005,
   title = {Elektronik f{\"u}r Ingenieure und Naturwissenschaftler (Springer-Lehrbuch)},
   author = {9783540243090},
   publisher = {Springer Berlin Heidelberg},
   year = {2005},
   edition = {5., aktualisierte Aufl.},
   isbn = {3540243097},
   pages = {675}}
@book {9783940845900:DeutProtwirtVern,
   title = {Das Deutschland Protokoll 2 - Die wirtschaftliche Vernichtung Deutschlands},
   author = {9783940845900},
   publisher = {Fischer},
   isbn = {3940845906},
   pages = {300}}
@book {HallidayResnickWalkerKoch:HallPhysBach,
   title = {Halliday Physik: Bachelor-Edition},
   author = {David Halliday and Robert Resnick and Jearl Walker and Stephan W. Koch},
   publisher = {Wiley-VCH Verlag GmbH},
   isbn = {3527407464},
   pages = {942}}
@book {9783936931044:WireLANs2004,
   title = {Wireless LANs},
   author = {9783936931044},
   publisher = {Heise},
   year = {2004},
   edition = {1},
   isbn = {3936931046},
   pages = {472}}
@book {FachElek,
   title = {Fachkunde Elektrotechnik},
   isbn = {3808531576}}
@book {9783257217339:WachStud1989,
   title = {Wachtmeister Studer},
   author = {9783257217339},
   publisher = {Diogenes Verlag},
   year = {1989},
   edition = {14., Aufl.},
   isbn = {3257217331},
   pages = {256}}
@book {Hertelendi:InteCompSchrSchr2002,
   title = {Das Internet. Computerpraxis - Schritt f{\"u}r Schritt. Protokolle, Dienste und Anwendungen. (Lernmaterialien)},
   author = {Bela Hertelendi},
   publisher = {Europa-Lehrmittel},
   year = {2002},
   edition = {2. A.},
   isbn = {3808582200},
   pages = {257}}
@book {9783570550328:OkonunscBetrReal2007,
   title = {Die {\"O}konomie des unschuldigen Betrugs: Vom Realit{\"a}tsverlust der heutigen Wirtschaft -},
   author = {9783570550328},
   publisher = {Pantheon Verlag},
   year = {2007},
   isbn = {357055032X},
   pages = {128}}
@book {Singh:CodeBookSecrHist2000,
   title = {The Code Book: The Secret History of Codes and Code-breaking},
   author = {Simon Singh},
   publisher = {Fourth Estate},
   year = {2000},
   edition = {New edition},
   isbn = {1857028899},
   pages = {402}}
@book {RubyThomasHansson:AgilDevewithRail2011,
   title = {Agile Web Development with Rails (Pragmatic Programmers)},
   author = {Sam Ruby and Dave Thomas and David Heinemeier Hansson},
   publisher = {Pragmatic Programmers},
   year = {2011},
   edition = {4. Auflage.},
   isbn = {1934356549},
   pages = {451}}
@book {DavisFuchs:Garfausg,
   title = {Garfield SC 15. Gut ausgewogen},
   author = {Jim Davis and Wolfgang J. Fuchs},
   publisher = {Ehapa Comic Collection - Egmont Manga},
   isbn = {3770433157},
   pages = {108}}
@book {MorrisGoscinny:LuckLukeDalt,
   title = {Lucky Luke 47 Ma Dalton: BD 47},
   author = {Morris and Ren{\'e} Goscinny},
   publisher = {Ehapa Comic Collection - Egmont Manga},
   isbn = {3770434536},
   pages = {46}}
@book {9783770401604:LuckLukeBd4Dalt1987,
   title = {Lucky Luke, Bd.49, Die Dalton-Ballade und andere Geschichten},
   author = {9783770401604},
   publisher = {Ehapa Comic Collection},
   year = {1987},
   isbn = {3770401603},
   pages = {48}}
@book {9783868940015:JavalernBlueEine2009,
   title = {Java lernen mit BlueJ: Eine Einf{\"u}hrung in die objektorientierte Programmierung},
   author = {9783868940015},
   publisher = {Pearson Studium},
   year = {2009},
   edition = {4., aktualisierte Auflage.},
   isbn = {3868940014},
   pages = {608}}
@book {Mandl:GrunBetrArchBetr2009,
   title = {Grundkurs Betriebssysteme: Architekturen, Betriebsmittelverwaltung, Synchronisation, Prozesskommunikation},
   author = {Peter Mandl},
   publisher = {Vieweg+Teubner Verlag},
   year = {2009},
   edition = {2., {\"u}berarb. und akt. Aufl. 2010},
   isbn = {3834808091},
   pages = {356}}
@book {Allison:BusiAdvaStudBook2009,
   title = {The Business Advanced Student Book + DVD-ROM Pack},
   author = {John Allison},
   publisher = {Macmillan Co},
   year = {2009},
   isbn = {0230021514},
   pages = {160}}
@book {PiloneMiles:HeadFirsSoftDeve2007,
   title = {Head First Software Development},
   author = {Dan Pilone and Russ Miles},
   publisher = {O'Reilly Media},
   year = {2007},
   series = {Head first series},
   edition = {1},
   isbn = {0596527357},
   lccn = {2010286905},
   pages = {496},
   address = {Sebastopol, CA}}
@book {HeringBresslerGutekunstAustmannLangnerLaveureMartinReichert:ElekIngeNatuSpri2005,
   title = {Elektronik f{\"u}r Ingenieure und Naturwissenschaftler (Springer-Lehrbuch)},
   author = {Ekbert Hering and Klaus Bressler and J{\"u}rgen Gutekunst and H.-H. Austmann and J. Langner and W. Laveure and R. Martin and M. Reichert},
   publisher = {Springer Berlin Heidelberg},
   year = {2005},
   edition = {5., aktualisierte Aufl.},
   isbn = {3540243097},
   pages = {695}}
@book {PombergerDobler:AlgoDateEinesyst2008,
   title = {Algorithmen und Datenstrukturen: Eine systematische Einf{\"u}hrung in die Programmierung},
   author = {Gustav Pomberger and Heinz Dobler},
   publisher = {Pearson Studium},
   year = {2008},
   edition = {1},
   isbn = {3827372682},
   pages = {576}}
@book {ESOL:CambHighSelfPack2009,
   title = {Cambridge Bec 4 Higher Self-Study Pack (Student's Book with Answers and Audio CD): Examination Papers from University of Cambridge ESOL Examinations (Cambridge Books for Cambridge Exams)},
   author = {Cambridge ESOL},
   publisher = {Cambridge Univ Pr},
   year = {2009},
   series = {Cambridge books for Cambridge exams},
   edition = {1 Pap/Com},
   isbn = {0521739225},
   lccn = {2010293199},
   pages = {132},
   address = {Cambridge}}
@book {FormTafe,
   title = {Formeln und Tafeln},
   publisher = {Orell Fuessli},
   edition = {11., durchges. A.},
   isbn = {3280021626},
   pages = {216}}
@book {Hertelendi:InteCompSchrSchr2002,
   title = {Das Internet. Computerpraxis - Schritt f{\"u}r Schritt. Protokolle, Dienste und Anwendungen. (Lernmaterialien)},
   author = {Bela Hertelendi},
   publisher = {Europa-Lehrmittel},
   year = {2002},
   edition = {2. A.},
   isbn = {3808582200},
   pages = {257}}
@book {BastianEichlerRieflerRinnSpielvogelWinterTkotz:RechElekLehrUbun2002,
   title = {Rechenbuch Elektrotechnik. Ein Lehr- und {\"U}bungsbuch zur Grund- und Fachstufe},
   author = {Peter Bastian and Walter Eichler and Siegfried Riefler and Hans Rinn and Otto Spielvogel and Ulrich Winter and Klaus Tkotz},
   publisher = {Europa Lehrmittel Verlag},
   year = {2002},
   edition = {14., v{\"o}llig neu {\"u}berarb. A.},
   isbn = {3808534141},
   pages = {280}}
@book {Systems:CCNACompGuidCisc2004,
   title = {CCNA 1 and 2 Companion Guide. Cisco Networking Academy Program (Cisco Networking Academy Program Series)},
   author = {Cisco Systems},
   publisher = {Macmillan Technical Publishing},
   year = {2004},
   edition = {3rd. ed., rev.},
   isbn = {1587131501},
   lccn = {2004101985},
   pages = {1088},
   address = {Indianapolis, Ind.}}
@book {SystemsProgramCisco:CCNACompGuidCisc2003,
   title = {CCNA 3 and 4 Companion Guide (Cisco Networking Academy Program)},
   author = {Inc Cisco Systems and Aries Cisco Networking Academy Program and Networking Academy Program Cisco},
   publisher = {Macmillan Technical Publishing},
   year = {2003},
   edition = {0003},
   isbn = {1587131137},
   lccn = {2003100556},
   pages = {1040},
   address = {Indianapolis, Ind.}}
@book {Erlenkotter:ObjeProgAnfa2000,
   title = {C++: Objektorientiertes Programmieren von Anfang an},
   author = {Helmut Erlenk{\"o}tter},
   publisher = {rororo},
   year = {2000},
   edition = {14},
   isbn = {3499600773},
   pages = {336}}
@book {Papula:MathIngeNatuLehr2009,
   title = {Mathematik f{\"u}r Ingenieure und Naturwissenschaftler 1: Ein Lehr- und Arbeitsbuch f{\"u}r das Grundstudium. Mit zahlreichen Beispielen aus Naturwissenschaft ... 307 {\"U}bungsaufgaben mit ausf{\"u}hrlichen L{\"o}sungen},
   author = {Lothar Papula},
   publisher = {Vieweg+Teubner},
   year = {2009},
   edition = {12., {\"u}berarbeitete und erweiterte Auflage.},
   isbn = {3834805459},
   pages = {827}}
@book {TeschlTeschl:MathInfoBandDisk2008,
   title = {Mathematik f{\"u}r Informatiker: Band 1: Diskrete Mathematik und Lineare Algebra (eXamen.press)},
   author = {Gerald Teschl and Susanne Teschl},
   publisher = {Springer Berlin Heidelberg},
   year = {2008},
   edition = {3. Aufl.},
   isbn = {3540774319},
   pages = {527}}
@book {HopcroftMotwaniUllman:EinfAutoFormSpra2002,
   title = {Einf{\"u}hrung in die Automatentheorie, Formale Sprachen und Komplexit{\"a}tstheorie},
   author = {John E. Hopcroft and Rajeev Motwani and Jeffrey D. Ullman},
   publisher = {Addison-Wesley Longman Verlag},
   year = {2002},
   edition = {2., {\"u}berarb. A.},
   isbn = {3827370205},
   pages = {528}}
@book {RuppQueinsZengler:glasPraxUML,
   title = {UML 2 glasklar: Praxiswissen f{\"u}r die UML-Modellierung},
   author = {Chris Rupp and Stefan Queins and Barbara Zengler},
   publisher = {Carl Hanser Verlag GmbH},
   isbn = {3446411186},
   pages = {566}}
\end{document}