%% This BibTeX bibliography file was created using BibDesk.
%% http://bibdesk.sourceforge.net/


%% Created for Micha Sch√∂nenberger at 2012-11-13 14:23:49 +0100 


%% Saved with string encoding Unicode (UTF-8) 



@url{andoid_sdk_eclipse,
	Date-Added = {2012-11-07 17:17:19 +0000},
	Date-Modified = {2012-11-13 13:23:46 +0000},
	Howpublished = {\url{http://developer.android.com/tools/sdk/eclipse-adt.html}},
	Lastchecked = {2012-11-07},
	Month = {november},
	Title = {Android Development Tools (ADT)},
	Urldate = {2012-11-07},
	Year = {2012}}

@url{wiki_eclipse,
	Date-Modified = {2012-11-05 14:50:26 +0000},
	Howpublished = {\url{http://de.wikipedia.org/wiki/Eclipse_(IDE)}},
	Lastchecked = {2012-11-05},
	Month = {november},
	Organization = {Wikipedia},
	Publisher = {Wikipedia, 5. october 2012 08:16 am},
	Title = {Eclipse (IDE), Wikipedia},
	Urldate = {2012-10-05 08:16am},
	Year = {2012}}


@url{uni-dortmund,
	Date-Added = {2012-11-13 19:27:45 +0000},
	Date-Modified ={2012-11-13 19:27:45 +0000},
	Howpublished = {\url{http://ls13-www.cs.uni-dortmund.de/dokuwiki-fachprojekt-ss11/lib/exe/fetch.php?media=lammers-vortrag.pdf}},
	Lastchecked = {2012-11-13},
	Month = {november},
	Title = {Manifest Datei - Uni Dortmund},
	Urldate = {2012-11-07},
	Year = {2012}}
