%% This BibTeX bibliography file was created using BibDesk.
%% http://bibdesk.sourceforge.net/


%% Created for Micha Sch√∂nenberger at 2012-10-11 13:22:51 +0200 


%% Saved with string encoding Unicode (UTF-8) 



@book{cite-key,
	Date-Added = {2012-10-11 11:21:57 +0000},
	Date-Modified = {2012-10-11 11:21:57 +0000}}

@misc{wikipedia,
	Date-Added = {2012-10-11 11:19:52 +0000},
	Date-Modified = {2012-10-11 11:19:52 +0000},
	Title = {www.wikipedia.de},
	Year = {2012}}

@misc{:2012fk,
	Date-Added = {2012-10-11 11:19:52 +0000},
	Date-Modified = {2012-10-11 11:21:22 +0000},
	Title = {wiki.de.it-processmaps.com},
	Year = {2012}}

@book{ITILFoundations,
	Author = {Brady Orand},
	Date-Added = {2012-10-11 11:19:52 +0000},
	Date-Modified = {2012-10-11 11:19:52 +0000},
	Isbn = {1463635346},
	Publisher = {CreateSpace Independent Publishing Platform},
	Title = {Foundations of IT Service Management: The ITIL Foundations Course in a Book},
	Url = {http://www.amazon.com/Foundations-IT-Service-Management-Course/dp/146363534},
	Year = {2011},
	Bdsk-Url-1 = {http://www.amazon.com/Foundations-IT-Service-Management-Course/dp/146363534}}
